@book{antsystem,
	author = {Marco Dorigo and Thomas St√ºtzle},
	title = {Ant Colony Optimization},
	date = {2004}
}
@book{complexity,
	author = {Georgii Gens and Evgenii Levner},
	title = {Complexity of approximation algorithms for combinatorial problems: a survey},
	date = {1980}
}

@inbook{acomkp,
	author = {Stefka Fidanova},
	title = {Ant Colony Optimization and Multiple Knapsack Problem},
	booktitle = {Handbook of Research on Nature-Inspired Computing for Economics and Management},
	date = {2007},
}

@misc{aco:schiff,
	author = {Krzysztof Schiff},
	title = {ANT COLONY OPTIMIZATION ALGORITHM FOR THE 0-1 KNAPSACK PROBLEM},
	date = {2013},
}

@misc{parallelcomp:website,
	title = {Introduction to Parallel Computing},
	author = {Blaise Barney},
	year= 2016
	date = {2016-06-25},
	howpublished = {\url{https://computing.llnl.gov/tutorials/parallel_comp/}},
}
